<mx:record xmlns="http://www.w3.org/TR/xhtml1/strict" xmlns:mx="http://www.loc.gov/MARC21/slim" xmlns:xsi="http://www.w3.org/2001/XMLSchema-instance"><mx:leader>00000cz   2200000n  4500</mx:leader><mx:controlfield tag="001">oca00988386 </mx:controlfield><mx:controlfield tag="005">20000513064813.0</mx:controlfield><mx:controlfield tag="008">831007n| acannaabn          |a aaa     c</mx:controlfield><mx:datafield ind1=" " ind2=" " tag="010"><mx:subfield code="a">n  83165536</mx:subfield></mx:datafield><mx:datafield ind1=" " ind2=" " tag="040"><mx:subfield code="a">CU</mx:subfield><mx:subfield code="b">eng</mx:subfield><mx:subfield code="c">DLC</mx:subfield><mx:subfield code="d">CoU</mx:subfield><mx:subfield code="d">UPB</mx:subfield><mx:subfield code="d">OCoLC</mx:subfield></mx:datafield><mx:datafield ind1="1" ind2=" " tag="100"><mx:subfield code="a">Minucius Felix, Marcus</mx:subfield></mx:datafield><mx:datafield ind1="1" ind2=" " tag="400"><mx:subfield code="a">Minucio Felice, Marco</mx:subfield></mx:datafield><mx:datafield ind1="1" ind2=" " tag="400"><mx:subfield code="a">Felix, Marcus Minucius</mx:subfield></mx:datafield><mx:datafield ind1="1" ind2=" " tag="400"><mx:subfield code="a">Felice, Marco Minucio</mx:subfield></mx:datafield><mx:datafield ind1="1" ind2=" " tag="400"><mx:subfield code="a">Minutius Felix, Marcus</mx:subfield></mx:datafield><mx:datafield ind1=" " ind2=" " tag="670"><mx:subfield code="a">His Octavius, 1982:</mx:subfield><mx:subfield code="b">t.p. (M. Minuci Felicis ...) cover (Minucius Felix)</mx:subfield></mx:datafield><mx:datafield ind1=" " ind2=" " tag="670"><mx:subfield code="a">LC data base, 9-19-83</mx:subfield><mx:subfield code="b">(hdg.: Minucius Felix, Marcus; usage: Marcus Minucius Felix; Minucio Felice)</mx:subfield></mx:datafield><mx:datafield ind1=" " ind2=" " tag="670"><mx:subfield code="a">His Ottavio, 1992:</mx:subfield><mx:subfield code="b">t.p. (Marco Minucio Felice)</mx:subfield></mx:datafield><mx:datafield ind1=" " ind2=" " tag="670"><mx:subfield code="a">L.C. Firmiani Lactantii Opera omnia, 1836:</mx:subfield><mx:subfield code="b">t.p. (Minutii Felicis)</mx:subfield></mx:datafield><mx:datafield ind1=" " ind2=" " tag="999"><mx:subfield code="a">33963.3574</mx:subfield></mx:datafield></mx:record>